
@INPROCEEDINGS{FlexECOC2018_Xian,
author={X. Xiao and R. Proietti and K. Zhang and S. J. Ben Yoo},
booktitle={2018 European Conference on Optical Communication (ECOC)},
title={Experimental Demonstration of Flex-LIONS for Reconfigurable All-to-All Optical Interconnects},
year={2018},
volume={},
number={},
pages={1-3},
keywords={Optical switches;Bandwidth;Crosstalk;Optical interconnections;Scalability;Receivers;Signal to noise ratio},
doi={10.1109/ECOC.2018.8535482},
ISSN={},
month={Sept},}

@ARTICLE{JLT2015_Proietti,
author={R. Proietti and Z. Cao and C. J. Nitta and Y. Li and S. J. B. Yoo},
journal={J LIGHTWAVE TECHNOL},
title={A Scalable, Low-Latency, High-Throughput, Optical Interconnect Architecture Based on Arrayed Waveguide Grating Routers},
year={2015},
volume={33},
number={4},
pages={911-920},
keywords={arrayed waveguide gratings;network routing;optical interconnections;optical switches;scalable optical interconnect architecture;low-latency optical interconnect architecture;high-throughput optical interconnect architecture;arrayed waveguide grating routers;large-scale computing systems;hierarchical lightwave optical interconnect network;wavelength routing;computing nodes;embedded routers;wavelength-specific optical I/Os;interconnect topology;intercluster communication;thin-CLOS topology;optical switches;network simulation;uniform random distribution;bit rate 10 Gbit/s;Optical switches;Computer architecture;Arrayed waveguide gratings;Servers;Optical interconnections;Ports (Computers);Datacenter networking;optical interconnects;arrayed waveguide grating routers;optical switches;Arrayed waveguide grating routers (AWGRs);datacenter networking;optical interconnects;optical switches},
doi={10.1109/JLT.2015.2395352},
ISSN={0733-8724},
month={Feb},}

@ARTICLE{JOCN_ThinCLOS,
author={R. Proietti and X. Xiao and K. Zhang and G. Liu and H. Lu and P. Fotouhi and J. Messig and S. J. B. Yoo},
journal={IEEE/OSA J OPT COMMUN NETW},
title={Experimental demonstration of a 64-port wavelength routing thin-CLOS system for data center switching architectures},
year={2018},
volume={10},
number={7},
pages={49-57},
keywords={arrayed waveguide gratings;channel spacing;computer centres;crosstalk;telecommunication network routing;wavelength division multiplexing;experimental demonstration;data center switching architectures;arrayed waveguide grating routers;intra-data-center applications;wavelength router;single W-port AWGR;fabricated Thin-CLOS system;1U rack enclosure;error-free performance;worst-case crosstalk scenario;Thin-CLOS architecture;channel spacing;64-port wavelength routing thin-CLOS system;32-port silica AWGR;distinct wavelengths;in-band crosstalk;nonblocking connectivity;frequency 100.0 GHz;bit rate 10 Gbit/s;Optical switches;Computer architecture;Crosstalk;Wavelength routing;Data centers;Optical fibers;Optical fiber communication;Arrayed waveguide grating routers;Data centers;Optical interconnects;Wavelength routing},
doi={10.1364/JOCN.10.000B49},
ISSN={1943-0620},
month={July},}

@ARTICLE{M_Wu_SiPh-MEMS,
author={H. Y. Hwang and J. S. Lee and T. J. Seok and A. Forencich and H. R. Grant and D. Knutson and N. Quack and S. Han and R. S. Muller and G. C. Papen and M. C. Wu and P. O'Brien},
journal={IEEE Photonics Journal},
title={Flip Chip Packaging of Digital Silicon Photonics MEMS Switch for Cloud Computing and Data Centre},
year={2017},
volume={9},
number={3},
pages={1-10},
keywords={aluminium compounds;cloud computing;computer centres;diffraction gratings;elemental semiconductors;error statistics;flip-chip devices;integrated optics;local area networks;micro-optomechanical devices;optical communication equipment;optical fibre couplers;optical fibre losses;optical interconnections;optical switches;silicon;Ethernet data stream;switch reconfiguration time;BER;bit error rate;fiber-to-grating coupler loss;6-degree-of-freedom alignment system;fluxless flip-chip bonding;suspended MEMS actuators;electrical bond pads;64-channel lidless fiber array;single-layer electrical redistribution lines;2N optical interconnections;N2electrical interconnections;switching ports;data centre;cloud computing;micro-electro-mechanical system;digital silicon photonics MEMS switch;flip chip packaging;bit rate 10 Gbit/s;Si;AlN;Optical switches;Switching circuits;Optical fibers;Micromechanical devices;Flip chip;interposer;micro-electro-mechanical system (MEMS) packaging;optical switches;silicon photonics.},
doi={10.1109/JPHOT.2017.2704097},
ISSN={1943-0655},
month={June},}

@ARTICLE{OSA_2014, 
author={K. Chen and A. Singla and A. Singh and K. Ramachandran and L. Xu and Y. Zhang and X. Wen and Y. Chen}, 
journal={IEEE/ACM Transactions on Networking}, 
title={OSA: An Optical Switching Architecture for Data Center Networks With Unprecedented Flexibility}, 
year={2014}, 
volume={22}, 
number={2}, 
pages={498-511}, 
keywords={computer centres;optical switches;telephone traffic;OSA;optical switching architecture;data center networks;unprecedented flexibility;traffic characteristics;network technology;DCN;reconfigurable optical devices;dynamic traffic patterns;high bisection bandwidth;Data center networks (DCNs);optical networking technology;switching architecture}, 
doi={10.1109/TNET.2013.2253120}, 
ISSN={1063-6692}, 
month={April},}

@ARTICLE{AWGR_XT_1996, 
author={H. Takahashi and K. Oda and H. Toba}, 
journal={J LIGHTWAVE TECHNOL}, 
title={Impact of crosstalk in an arrayed-waveguide multiplexer on N/spl times/N optical interconnection}, 
year={1996}, 
volume={14}, 
number={6}, 
pages={1097-1105}, 
keywords={optical waveguides;optical crosstalk;optical noise;optical interconnections;optical fibre couplers;Gaussian noise;optical fibre networks;wavelength division multiplexing;telecommunication network routing;crosstalk;arrayed-waveguide multiplexer;N/spl times/N optical interconnection;arrayed-waveguide N/spl times/N wavelength multiplexer;wavelength-routing N/spl times/N all optical networks;systems multiple crosstalk light;signal-crosstalk beat noise;Gaussian noise;power penalty;bit error rate;Optical arrays;Multiplexing;Optical interconnections;Optical receivers;Optical transmitters;Optical noise;Optical crosstalk;Wavelength routing;Optical devices;Arrayed waveguide gratings}, 
doi={10.1109/50.511611}, 
ISSN={0733-8724}, 
month={June},}

@ARTICLE{MZI-IBM, 
author={N. Dupuis and B. G. Lee and A. V. Rylyakov and D. M. Kuchta and C. W. Baks and J. S. Orcutt and D. M. Gill and W. M. J. Green and C. L. Schow}, 
journal={J LIGHTWAVE TECHNOL}, 
title={Modeling and Characterization of a Nonblocking$4\times 4$Machâ€“Zehnder Silicon Photonic Switch Fabric}, 
year={2015}, 
volume={33}, 
number={20}, 
pages={4329-4337}, 
keywords={CMOS logic circuits;electro-optical switches;integrated optics;integrated optoelectronics;Mach-Zehnder interferometers;optical interconnections;optical losses;silicon;nonblocking Mach-Zehnder silicon photonic switch fabric;nonblocking electrooptic Mach- Zehnder-based switch fabric;simulation framework;transfer matrix approach;transmission spectra;multistage interconnect switch network;spectral characteristics;IBM photonics-enabled CMOS process;CMOS logic;switch drivers;on-chip insertion loss;crosstalk;signal paths;loss 1.5 dB to 3 dB;Si;Optical switches;Fabrics;Crosstalk;Optical crosstalk;Optical losses;Phase shifters;CMOS integrated circuits,;optical switches;photonic integrated circuits;CMOS integrated circuits;optical switches;photonic integrated circuits}, 
doi={10.1109/JLT.2015.2466571}, 
ISSN={0733-8724}, 
month={Oct},}

@article{Han:15,
author = {Sangyoon Han and Tae Joon Seok and Niels Quack and Byung-Wook Yoo and Ming C. Wu},
journal = {Optica},
keywords = {Photonic integrated circuits; Optical switching devices ; Circuit switching; Deep ultraviolet; Extinction ratios; Grating couplers; Optical directional couplers; Refractive index},
number = {4},
pages = {370--375},
publisher = {OSA},
title = {Large-scale silicon photonic switches with movable directional couplers},
volume = {2},
month = {Apr},
year = {2015},
url = {http://www.osapublishing.org/optica/abstract.cfm?URI=optica-2-4-370},
doi = {10.1364/OPTICA.2.000370},
abstract = {Fast optical circuit switches (OCSs) with high port count offer reconfigurable bandwidth in optical networks and have the potential to significantly increase the performance and efficiency of modern datacenters. In this paper, we report on a new type of integrated OCS that combines silicon photonics with MEMS actuation. The switch is built on a 50\&\#xD7;50 passive crossbar network with very low optical loss (0.04\&\#xA0;dB/crossing). Efficient switching is achieved by a pair of directional couplers with moving waveguides and an actuation voltage of 14\&\#xA0;V. 2500 MEMS-actuated directional coupler switches have been integrated with the crossbar network to form a strictly nonblocking 50\&\#xD7;50 OCS on a 9\&\#x2009;\&\#x2009;mm\&\#xD7;9\&\#x2009;\&\#x2009;mm chip. The measured switching time is 2.5\&\#xA0;\&\#x3BC;s, and the extinction ratio is 26\&\#xA0;dB. To our knowledge, this is the largest silicon photonic switch reported to date. The switch architecture is highly scalable because the light travels through only one active switching element, regardless of the size of the switch.},
}
